@book{human_machine,
author = "Valentinuzzi, M.E.",
title = "Understanding the Human Machine: A Primer for Bioengineering",
pages = "265-266",
year = "2004"
}

@article{filtering_lecture,
author = "Gkioulekas, I.",
title = "Image Filtering",
note  = "\url{http://www.cs.cmu.edu/~16385/lectures/lecture2.pdf}",
year = "2018",
}

@article{sobel,
author = "Sobel, I.",
title = "An Isotropic 3x3 Image Gradient Operator",
year = "1968"
}

@article{pseudo_color,
author = "Radewan, C.H.",
title = "Digital Image Processing With Pseudo-Color",
year = "1975",
journal = "Acquisition and Analysis of Pictorial Data",
note = "\url{https://doi.org/10.1117/12.954071}"
}

@article{color_map,
author = "Wang, R.",
title = "Color and pseudo-color images",
note = "\url{http://fourier.eng.hmc.edu/e161/lectures/digital_image/node4.html}",
year = "2016"
}

@book{cv_book,
author = "Szeliski, R.",
title = "Computer Vision: Algorithms and Applications",
year = "2010",
pages = "238-242"
}
