@InProceedings{DIV2K,
	author = {Agustsson, Eirikur and Timofte, Radu},
	title = {NTIRE 2017 Challenge on Single Image Super-Resolution: Dataset and Study},
	booktitle = {CVPR},
	month = {July},
	year = {2017}
} 

@article{nima,
  author    = {Hossein Talebi Esfandarani and
               Peyman Milanfar},
  title     = {{NIMA:} Neural Image Assessment},
  journal   = {CoRR},
  year      = {2017}
}

@misc{idealods2018imagequalityassessment,
  title={Image Quality Assessment},
  author={Christopher Lennan and Hao Nguyen and Dat Tran},
  year={2018},
  howpublished={\url{https://github.com/idealo/image-quality-assessment}},
}

@Article{Hunter,
  Author    = {Hunter, J. D.},
  Title     = {Matplotlib: A 2D graphics environment},
  Journal   = {Computing In Science \& Engineering},
  Volume    = {9},
  Number    = {3},
  Pages     = {90--95},
  abstract  = {Matplotlib is a 2D graphics package used for Python
  for application development, interactive scripting, and
  publication-quality image generation across user
  interfaces and operating systems.},
  publisher = {IEEE COMPUTER SOC},
  doi       = {10.1109/MCSE.2007.55},
  year      = 2007
}

@article{Celebi,
 author = {Celebi, M. Emre},
 title = {Improving the Performance of K-means for Color Quantization},
 journal = {Image Vision Comput.},
 issue_date = {March, 2011},
 volume = {29},
 number = {4},
 month = mar,
 year = {2011},
 issn = {0262-8856},
 pages = {260--271},
 numpages = {12},
 url = {http://dx.doi.org/10.1016/j.imavis.2010.10.002},
 doi = {10.1016/j.imavis.2010.10.002},
 acmid = {1931252},
 publisher = {Butterworth-Heinemann},
 address = {Newton, MA, USA},
 keywords = {Clustering, Color quantization, Color reduction, k-means},
} 

@article{Orchard1991ColorQO,
  title={Color quantization of images},
  author={Michael T. Orchard and Charles A. Bouman},
  journal={IEEE Trans. Signal Processing},
  year={1991},
  volume={39},
  pages={2677-2690}
}

@online{Tranberg,
  author = {Tranberg, Bo},
  title = {Determining dominant colors in images using clustering},
  year = 2018,
  url = {https://tberg.dk/post/determining-dominant-colors/},
  urldate = {2018-04-02}
}

@book{human_machine,
author = "Valentinuzzi, M.E.",
title = "Understanding the Human Machine: A Primer for Bioengineering",
pages = "265-266",
year = "2004"
}

@article{filtering_lecture,
author = "Gkioulekas, I.",
title = "Image Filtering",
note  = "\url{http://www.cs.cmu.edu/~16385/lectures/lecture2.pdf}",
year = "2018",
}

@article{sobel,
author = "Sobel, I.",
title = "An Isotropic 3x3 Image Gradient Operator",
year = "1968"
}

@article{pseudo_color,
author = "Radewan, C.H.",
title = "Digital Image Processing With Pseudo-Color",
year = "1975",
journal = "Acquisition and Analysis of Pictorial Data",
note = "\url{https://doi.org/10.1117/12.954071}"
}

@article{color_map,
author = "Wang, R.",
title = "Color and pseudo-color images",
note = "\url{http://fourier.eng.hmc.edu/e161/lectures/digital_image/node4.html}",
year = "2016"
}

@book{cv_book,
author = "Szeliski, R.",
title = "Computer Vision: Algorithms and Applications",
year = "2010",
pages = "238-242"
}

@article{Huang,
  author = {Huang, Yi-Chin and Tung, Yi-Shin and Chen, Jun-Cheng and Wang, Sung-Wen and Wu, Ja-Ling},
  year = {2005},
  pages = {351-354},
  title = {An adaptive edge detection based colorization algorithm and its applications},
  doi = {10.1145/1101149.1101223}
}

@article{Gatys, 
  author={L. A. {Gatys} and A. S. {Ecker} and M. {Bethge}}, 
  booktitle={2016 IEEE Conference on Computer Vision and Pattern Recognition (CVPR)}, 
  title={Image Style Transfer Using Convolutional Neural Networks}, 
  year={2016}, 
  volume={}, 
  number={}, 
  pages={2414-2423}, 
  doi={10.1109/CVPR.2016.265}, 
  ISSN={1063-6919}, 
  month={June},
}