@article{human_machine,
author = {M. E. Valentinuzzi},
title = {Understanding the Human Machine: A Primer for Bioengineering},
pages = {265-266},
year = 2004
}

@misc{filtering_lecture,
author = {I. Gkioulekas},
title = {Image Filtering},
year = 2018,
}

@article{sobel,
author = {I. Sobel},
title = {An Isotropic 3x3 Image Gradient Operator},
year = 1968
}

@article{pseudo_color,
author = {C. H. Radewan},
title = {Digital Image Processing With Pseudo-Color},
year = 1975m,
journal = {Acquisition and Analysis of Pictorial Data}
}


@article{color_map,
author = {R. Wang},
title = {Color and pseudo-color images},
year = 2016
}
